% This file was created with JabRef 2.10b2.
% Encoding: UTF-8


@Misc{nctuurl,
  Title                    = {國立交通大學},

  Author                   = {NCTU},

  Owner                    = {Potter},
  Timestamp                = {2021.01.31},
  Url                      = {http://www.nctu.edu.tw}
}

@Book{Potter_2021,
  Title                    = {{The History of Magic World}},
  Author                   = {Harry Potter and Albus Dumbledore},
  Editor                   = {Joanne Rowling},
  Publisher                = {Bloomsbury Publishing},
  Year                     = {2021},

  Owner                    = {Potter},
  Pages                    = {11--21},
  Timestamp                = {2021.01.31}
}

@Article{Potter_2021,
  Title                    = {{The way to beat the dark lord, from Love to Horcrux}},
  Author                   = {Harry Potter and Albus Dumbledore},
  Journal                  = {Journal of Supplementary},
  Year                     = {2021},
  Number                   = {1},
  Pages                    = {11--21},
  Volume                   = {9487}
}

